@article{diferencias1,
  title={Differentiating novel coronavirus pneumonia from general pneumonia based on machine learning
},
  author={Liu, Chenglong and Wang, Xiaoyang and Liu, Chengin and Sun, Qingfeng and Peng, Wenxian},
  year={2020},
  month={August},
  journal={BioMedical Engineering OnLine}
}
@article{diferencias2,
  title={COVID-19 pneumonia: the great radiological mimicker. },
  author={Duzgun,S.A. and Durhan,G. and Demirkazik, F.B.  et al.},
  year={2020},
  journal={Insights Imaging},
  volume={11},
  pages={118},
  month={November}
  
}

@article{diferencias3,
author = {Bai, Harrison X. and Hsieh, Ben and Xiong, Zeng and Halsey, Kasey and Choi, Ji Whae and Tran, Thi My Linh and Pan, Ian and Shi, Lin-Bo and Wang, Dong-Cui and Mei, Ji and Jiang, Xiao-Long and Zeng, Qiu-Hua and Egglin, Thomas K. and Hu, Ping-Feng and Agarwal, Saurabh and Xie, Fang-Fang and Li, Sha and Healey, Terrance and Atalay, Michael K. and Liao, Wei-Hua},
title = {Performance of Radiologists in Differentiating COVID-19 from Non-COVID-19 Viral Pneumonia at Chest CT},
journal = {Radiology},
volume = {296},
number = {2},
pages = {E46-E54},
year = {2020}
}

@article{problemas1,
  title={Deep learning with convolutional neural network in radiology},
  author={Yasaka, K. and Akai,H. and Kunimatsu,A.  and Kiryu,S. and Abe,O.},
  journal={Japanese journal of radiology},
  volume={36},
  pages={257--272},
  year={2020},
  month={March}
}

@article{problemas2,
  title={Convolutional neural networks: an overview and application in radiology. },
  author={Bolukbasi, Tolga and Chang, Kai-Wei and Zou, James Y and Saligrama, Venkatesh and Kalai, Adam T},
  journal={Insights Imaging},
  volume={9},
  pages={611--629},
  year={2018},
  month={August}
}

@misc{kaggle,
  title={https://www.kaggle.com/tawsifurrahman/covid19-radiography-database}
}

@misc{ref1,
  title={https://github.com/armiro/COVID-CXNet}
}

@misc{ref2,
  title={https://github.com/ml-workgroup/covid-19-image-repository/tree/master/png}
}

@misc{ref3,
  title={https://sirm.org/category/senza-categoria/covid-19/}
}

@misc{ref4,
  title={https://eurorad.org}
}

@misc{ref5,
  title={https://github.com/ieee8023/covid-chestxray-dataset}
}

@misc{ref6,
  title={https://www.kaggle.com/paultimothymooney/chest-xray-pneumonia}
}